<record xmlns="http://www.loc.gov/MARC21/slim" xmlns:xsi="http://www.w3.org/2001/XMLSchema-instance" xsi:schemaLocation="http://www.loc.gov/MARC21/slim http://www.loc.gov/standards/marcxml/schema/MARC21slim.xsd">

  <leader>01263nab a2200157   4500</leader>
  <controlfield tag="008">150603b1999    cr f|||| |||| 00| 0 spa d</controlfield>
  <datafield ind2=" " tag="090" ind1=" ">
    <subfield code="a">REVIS 06.02.01</subfield>
  </datafield>
  <datafield ind1="1" ind2=" " tag="100">
    <subfield code="9">133</subfield>
    <subfield code="a">Jiménez Herrera, Patricia</subfield>
  </datafield>
  <datafield ind1="1" ind2="0" tag="245">
    <subfield code="a">El perfil del administrador universitario requerido por la educación superior estatal costarricense ante  los retos del siglo XXI /</subfield>
    <subfield code="b">Patricia Jiménez Herrera</subfield>
  </datafield>
  <datafield tag="260" ind2=" " ind1=" ">
    <subfield code="a">San José, Costa Rica :</subfield>
    <subfield code="b">Editorial Universidad de Costa Rica,</subfield>
    <subfield code="c">1999</subfield>
  </datafield>
  <datafield ind1=" " ind2=" " tag="300">
    <subfield code="a">páginas 47-80</subfield>
  </datafield>
  <datafield ind1=" " tag="520" ind2=" ">
    <subfield code="a">Se ha propuesto establecer el perfil del administrador universitario que requieren las instituciones de educación superior estatal costarricense ante los retos del nuevo milenio. Para lograr el anterior objetivo se efectuaron entrevistas a rectores y vicerrectores de las universidades, así como a dos figuras de vasta experiencia y trayectoria en el campo universitario, en cuanto a las exigencias profesionales y ocupacionales, al rol del administrador universitario en relación con la calidad de la educación y al futuro de las universidades</subfield>
  </datafield>
  <datafield tag="650" ind2="4" ind1="1">
    <subfield code="9">1</subfield>
    <subfield code="a">EDUCACIÓN</subfield>
  </datafield>
  <datafield ind1="0" ind2=" " tag="773">
    <subfield code="d">San José, Costa Rica : Editorial de la Universidad de Costa Rica, 1997-</subfield>
    <subfield code="o">R0022</subfield>
    <subfield code="t">EDUCACIÓN: Revista de la Universidad de Costa Rica</subfield>
    <subfield code="g">Vol.23, no.1 (1999)</subfield>
  </datafield>
  <datafield tag="942" ind2=" " ind1=" ">
    <subfield code="2">z</subfield>
    <subfield code="c">10</subfield>
  </datafield>
  <datafield tag="999" ind2=" " ind1=" ">
    <subfield code="c">2615</subfield>
    <subfield code="d">2615</subfield>
  </datafield>
</record>